@book{冯慈璋2000工程电磁场导论,
  title={工程电磁场导论},
  author={冯慈璋},
  publisher={高等教育出版社},
  year={2000},
 keywords={电磁场},
 abstract={本书较好地处理了与物理学中电磁学相衔接的内容。删去了狭义相对论和各向异性媒质中电磁场的内容,增加了准静态电磁场和波导与谐振腔的相应内容,适当拓展了强电专业的电磁场知识范围。书中突出了电磁场理论在工程实际中的应用。},
}

@article{Chen2010Space,
  title={Space charge measurement in LPDE films under temperature gradient and DC stress},
  author={Chen, X. and Wang, X. and Wu, K. and Peng, Z. R. and Cheng, Y. H. and Tu, D. M.},
  journal={IEEE Transactions on Dielectrics & Electrical Insulation},
  volume={17},
  number={6},
  pages={1796-1805},
  year={2010},
 keywords={Polyethylene, Space charge, Temperature gradient, dc stress, waveform recovery},
 abstract={Space charge profiles and field distributions in the cable bulk are strongly affected by high voltage direct current (HVDC) voltage especially with the cooperation of the temperature gradient across the cable insulation. In this paper, a modified space charge measurement system suitable for temperature gradient was designed to fulfill the temperature difference through changing the upper and lower electrodes' temperature. The effect of temperature gradient on the PEA measurement system was analyzed and the space charge waveform was recovered. Space charge profiles and field distributions in low density polyethylene (LDPE) films were measured under different temperature differences (螖T=0-40掳C), and dc stresses of 10, 30, 50, and 70 kV/mm, respectively. The results show that the increasing temperature difference as well as the applied stress results in a more enhanced field at the low temperature side of sample. Along with the poling time, the enhanced field is reduced due to the injection of homocharges from the electrode under high electrical stress.},
}

@inproceedings{Xing2002Distance,
  title={Distance metric learning, with application to clustering with side-information},
  author={Xing, Eric P. and Ng, Andrew Y. and Jordan, Michael I. and Russell, Stuart},
  booktitle={International Conference on Neural Information Processing Systems},
  pages={521-528},
  year={2002},
 keywords={CiteSeerX;Eric P. Xing;Andrew Y. Ng;Michael I. Jordan;Stuart Russell},
 abstract={ABSTRACT  Many algorithms rely critically on being given a good metric over their inputs. For instance, data can often be clustered in many "plausible" ways, and if a clustering algorithm such as K-means initially fails to find one that is meaningful to a user, the only recourse may be for the user to manually tweak the metric until sufficiently good clusters are found. For these and other applications requiring good metrics, it is desirable that we provide a more systematic way for users to indicate what they consider "similar." For instance, we may ask them to provide examples. In this paper, we present an algorithm that, given examples of similar (and, if desired, dissimilar) pairs of points in R , learns a distance metric over R that respects these relationships. Our method is based on posing metric learning as a convex optimization problem, which allows us to give efficient, local-optima-free algorithms. We also demonstrate empirically that the learned metrics can be used to significantly improve clustering performance.},
}

@article{陈天宁2004对高校分配制度改革的探索与思考,
  title={对高校分配制度改革的探索与思考--西安交通大学实施岗位津贴制度的实践与效果},
  author={陈天宁 and 王雅正},
  journal={中国高教研究},
  number={z1},
  pages={67-71},
  year={2004},
 keywords={分配制度;岗位津贴;教师待遇;薪酬理论},
 abstract={结合西安交大在分配制度改革中的实践,阐述了高校实施岗位津贴制度的意义、特点以及取得的显著效果,分析了岗位津贴制度实施过程中存在的主要问题,并提出了改革、完善分配制度的一些思路和建议.},
}

@article{于德弘2003继往开来,
  title={继往开来 为创建一流的本科教育而不懈努力——关于西安交通大学2001-2005年本科教育发展的若干思考},
  author={于德弘},
  journal={中国大学教学},
  number={4},
  pages={7-9},
  year={2003},
 keywords={本科教育;西安交通大学;实践性教学;两课;三个代表;人才培养结构;教育质量;一流高校;教学质量},
 abstract={进入新的世纪,教育质量成为世界各国及各届人士关注的重大课题,教育质量的高低事关国民素质的提高和国家的兴衰,努力提高教育质量是大学的历史责任和永恒主题。 西安交通大学建校一百多年来,历来重视教育质量,形成了优良的办学传统,培养了一大批优秀人才和国家栋梁,得到了社会各届的认可。新世纪初叶,认真落实学校的“十五”发展规划纲要,将为我校实现本世纪中叶建成世界一流大学的目标打好基础,在此期间,学校本科教育的发展水平将决定这一目标的实现程度。学校的本科教育是一个系统工程,加快本科教育发展,就需要不断深化教育教学改革。西安交通大学今后几年内的本科教育发展和改革,要注重并作好以下几点。……},
}

